@patent{toth,
    Title = "Motor Rotativo de Combustión a Volumen Constante (MRCVC)",
    Number = "Patente Res. N$^\circ$ AR004806B1, Rec. N$^\circ$ P19960105411,
    2004.",
    Year = "2004",
}

@article{lopez16,
    Auhtor = "López E and Wild Cañón C and Sarraf S.",
    Title = "A constant-pressure model for the overlap of chambers in rotary
    internal combustion engines",
    Journal = " Journal of Engineering for Gas Turbines and Power",
    Year = "2016",
    Volume = "Volume 138, Issue 11.",
}

@report{lopez-thesis,
  Author = "López EJ",
  Title = "Methodologies for the numerical simulation of fluid flow in internal
  combustion engines",
  Type = "Tesis doctoral",
  Institution = "Facultad de Ingeniería y Ciencias Hídricas, Universidad
  Nacional del Litoral",
  Year = "2009"
}

@article{lopez13,
  Author = "López E, Wild Cañón C, Nigro N",
  Title = "Simulación computacional del ciclo operativo y curvas
  características de un motor de combustión interna rotativo de avanzada",
  Journal = "XI Congreso Iberoamericano de Ingeniería Mecánica CIBIM 2013",
  Year = "2013",
  Location = "La Plata, Argentina"
}

@book{goldberg,
    Author = "David E. Goldberg",
    Title = "Genetic Algorithms, in Search, Optimization \& Machine Learning",
    Year = "1989",
    Edition = "1",
    Publisher = "Addison-Wesley Publishing Company, Inc.",
}
@book{shi,
    Author = "Yu Shi, Hai-Wen Ge, Rolf D. Reitz",
    Title = "Computational Optimization of Internal Combustion Engines",
    Year = "2011",
    Edition = "1",
    Publisher = "Springer",
}

@book{heywood,
    Author = "Heywood Jhon B.",
    Title = "Internal combustion engine fundamentals",
    Year = "2018.",
    Edition = "Second Edition",
    Publisher = "McGraw-Hill Education",
}

@software{openfoam,
    Author = "The OpenFOAM Foundation",
    Title = "OpenFOAM",
    version = "8",
    note = "OpenFOAM: The open source CFD toolbox.",
    url = "https://openfoam.org/",
}

@software{icesym,
    Author = "Nigro NM and López EJ and Gimenez JM and Pairetti CI and Chialvo S.",
    Title = "ICESym: An Internal Combustion Engine Simulator.",
    note = "Copyright \textcopyright 2010-2020.",
    url = "https://github.com/jmarcelogimenez/icesym",
}

@software{freecad,
    Author = "The FreeCAD Team",
    Title = "FreeCAD",
    url = "https://www.freecadweb.org/",
}

@software{salome,
    Author = "Open Cascade, EDF, CEA",
    Title = "Salome",
    note = "The Open Source Integration Platform for Numerical Simulation",
    url = "https://salome-platform.org/",
}
