%Libros
@Book{goldberg,
    author = { Goldberg, David E.},
    title = {Genetic Algorithms, in Search, Optimization \& Machine Learning},
    year = {1989},
    edition = {1},
    publisher = {Addison-Wesley Publishing Company, Inc.}
}

@Book{moukalled,
    author = { Moukalled, F. AND Mangani, L. AND Darwish, M.},
    title = {The Finite Volume Method in Computational Fluid Dynamics},
    year = {2016},
    edition = {1},
    publisher = {Springer}
}

@Book{burden,
    author = {Burden, Richard L. AND Faires, J. Douglas},
    title = {Numerical Analysis},
    year = {2012},
    edition = {9},
    publisher = {Springer}
}

@Book{wilcox,
    author = {Wilcox, David C.},
    title = {Turbulence Modeling for CFD},
    year = {2006},
    edition = {3},
    publisher = {D C W Industries; 3rd edition (November 1, 2006)}
}

@Book{shi,
    author = {{Yu Shi} AND {Hai-Wen Ge} AND Reitz},
    title = {Computational Optimization of Internal Combustion Engines},
    year = {2011},
    edition = {1},
    publisher = {Springer}
}

@Book{heywood,
    author = { Heywood, John B.},
    title = {Internal combustion engine fundamentals},
    year = {2018},
    edition = {Second Edition},
    publisher = {McGraw-Hill Education}
}


@Book{wirsansky,
    author = { Wirsansky, Eyal },
    title = { Hands-On Genetic Algorithms with Python },
    subtitle = { Applying genetic algorithms to solve real-world deep learning and artificial intelligence problems },
    year = {2020},
    edition = {First Edition},
    publisher = {Pact PUblishing}
}


%Articulos
@article{chemkin,
    author = { Kee, R.J. },
    title = {The Chemkin Thermodynamic Data Base},
    year = {1991},
    publisher = {Sandia Report},
}


@article{toth00,
    author = { Toth, Jorge Alberto AND {Di Nezio}, J. AND Staniscia, Claudio AND López, Ezequiel José },
    title = {Ventajas mecánicas y termodinámicas de un nuevo motor rotativo},
    institution = {Congreso Chileno de Ingeniería Mecánica},
    year = {2000},
}


@article{raine,
    author = { Raine, R.R. },
    title = {ISIS  319 User Manual},
    year = {2000},
    journaltitle = {Oxford Engine Group},
}

@article{launderSpalding,
    author = {Launder AND Spalding},
    title = {The numerical computation of turbulent flows},
    year = {1974},
    journaltitle = { Computer Methods in Applied Mechanics and Engineering},
}

@report{roldan20,
    author = { {Álvarez Roldán}, Florencia Rocio},
    title = {Simulación computacional del comportamiento dinámico de los sellos de estanqueidad del motor rotativo de combustión a volumen constante (MRCVC)},
    institution = {Facultad de Ingeniería, Universidad Nacional del Comahue},
    type = {Proyecto Integrador Profesional},
    year = {2020},
}

@article{lopez16,
    author = { López, Ezequiel José AND {Wild Cañón}, Carlos AND Sarraf, Sofía },
    title = {A constant-pressure model for the overlap of chambers in rotary internal combustion engines},
    journaltitle = {Journal of Engineering for Gas Turbines and Power},
    year = {2016},
    volume = {Volume 138, Issue 11}
}

@report{mrcvc_geom,
    author = {López, Ezequiel José},
    title = {Análisis de la geometría y duración del ciclo del Motor Rotativo de Combustión a Volumen Constante},
    institution = {Facultad de Ingeniería, Universidad Nacional del Comahue}
}

@report{lopez-thesis,
  author = {López, Ezequiel José},
  title = {Methodologies for the numerical simulation of fluid flow in internal combustion engines},
  type = {Tesis doctoral},
  institution = {Facultad de Ingeniería y Ciencias Hídricas, Universidad Nacional del Litoral},
  year = {2009}
}

@article{lopez13,
  author = {López, Ezequiel José AND {Wild Cañón}, Carlos AND Nigro, Norberto},
  title = {Simulación computacional del ciclo operativo y curvas características de un motor de combusti\'on interna rotativo de avanzada},
  journal = {XI Congreso Iberoamericano de Ingeniería Mecánica CIBIM 2013},
  year = {2013},
  location = {La Plata, Argentina}
}

@article{DEAP_JMLR2012,
    author    = { Fortin, Felix Antoine AND {De Rainville}, Francois Michel AND Gardner, Marc André AND Parizeau, Marc AND Gagné, Christian },
    title     = { {DEAP}: Evolutionary Algorithms Made Easy },
    journal   = { Journal of Machine Learning Research },
    year      = { 2012 },
    pages     = { 2171--2175 },
    volume    = { 13 },
    month     = { 7 },
}

@article{oladele,
    author    = { Oladele, R.O. AND Sadiku, J.S.},
    title     = { Genetic Algorithm Performance with Different Selection Methods in Solving Multi-Objective Network Design Problem},
    volume    = { 70 },
    number    = { 12 },
    month     = { 5 },
    year      = { 2013 },
    journal   = { International Journal of Computer Applications},
}

@report{blickle,
    author    = { Blickle, T. AND Thiele, L. },
    title     = { A Comparison of Selection Schemes used in Genetic Algorithms },
    type      = { TIK-Report },
    year      = { 1995 },
    institution = {Computer Engineering AND Communication Networks Lab (TIK), Swiss Federal Institute of Technology (ETH)},
    location = {Zurich, Switzerland},
}

@article{hehc_05,
    author = { Shkolnik, Nikolay  AND Shkolnik, Alexander },
    title = { High Efficiency Hybrid Cycle Engine },
    year = { 2008 },
    journaltitle = { ASME 2006 Internal Combustion Engine Division Spring Technical },
    note = { Aachen, Germany },
}

% Software
@software{openfoam,
    author = { {The OpenFOAM Foundation} },
    title = {OpenFOAM},
    version = {8},
    note = {OpenFOAM: The open source CFD toolbox.},
    url = {https://openfoam.org/},
    year = {2011--2024}
}

@software{icesym,
    author = { Nigro, Norberto AND López, Ezequiel José AND Gimenez, Juan AND Pairetti, César AND Chialvo, Santiago },
    title = {ICESym: An Internal Combustion Engine Simulator.},
    note = {Copyright \textcopyright 2010-2024.},
    url = {https://github.com/jmarcelogimenez/icesym},
    year = {2010}
}

@inproceedings{inproceedings,
    author = { Pairetti, César AND Aguerre, Horacio AND Nigro, Norberto},
    year = {2014},
    month = {09},
    title = {Ajuste de un Modelo de Transferencia de Calor 0D/1D para Motores de Combustión Interna mediante el uso de CFD}
}


@software{freecad,
    author = { {The FreeCAD Team} },
    title = {FreeCAD},
    url = {https://www.freecadweb.org/}
}

@software{salome,
    author = { Open-Cascade AND EDF AND CEA },
    title = {Salome},
    subtitle = {The Open Source Integration Platform for Numerical Simulation},
    url = {https://salome-platform.org/},
    year = {2001}
}

% Otros
@patent{patente_toth,
    author = { Toth, Jorge Alberto },
    title = {Motor Rotativo de Combustión a volumen Constante (MRCVC)},
    number = {Patente Res. N$^\circ$ AR004806B1, Rec. N$^\circ$ P19960105411},
    year = {2004},
}

@misc{2carpros,
    author = { 2carpros },
    title = { How an Engine Works },
    year = { 2022 },
    url = { https://www.2carpros.com/images/articles/original/intake_port.jpg },
}

@misc{rx7club,
    author = { rx7club },
    title = { Latest Project Perpheral port Motorbike },
    url = { https://www.rx7club.com/old-school-other-rotary-63/latest-project-periphial-port-motorbike-746910/ },
}

@misc{shm_steps,
    author = { Montorfano, Piscaglia },
    title = { SnappyHexMesh: scalable \& automatic mesh generation for OpenFOAM },
    url = { https://hpc-forge.cineca.it/files/CoursesDev/public/2015/Workshop_HPC_Methods_for_Engineering/snappyHexMesh.pdf },
    year = { 2015 },
}

@misc{of_numerical_schemes,
    author = { CFD-Direct-LTD },
    title = { OpenFOAM V11 User Guide: Numerical Schemes },
    url = {https://doc.cfd.direct/openfoam/user-guide-v11/fvschemes},
    year = { 2023 },
}

@article{peaks_function,
author = {Storn, Rainer},
pages = {},
title = {OPTIMIZATION OF WIRELESS COMMUNICATIONS APPLICATIONS USING DIFFERENTIAL EVOLUTION}
}
