%Libros
@Book{goldberg,
    author = {Goldberg},
    title = {Genetic Algorithms, in Search, Optimization \& Machine Learning},
    year = {1989},
    edition = {1},
    publisher = {Addison-Wesley Publishing Company, Inc.}
}

@Book{wilcox,
    author = {Wilcox},
    title = {Turbulence Modeling for CFD},
    year = {2006},
    edition = {3},
    publisher = {D C W Industries; 3rd edition (November 1, 2006)}
}

@Book{shi,
    author = {Yu Shi and Hai-Wen Ge and Reitz},
    title = {Computational Optimization of Internal Combustion Engines},
    year = {2011},
    edition = {1},
    publisher = {Springer}
}

@Book{heywood,
    author = {Heywood},
    title = {Internal combustion engine fundamentals},
    year = {2018},
    edition = {Second Edition},
    publisher = {McGraw-Hill Education}
}

%Catálogos
@article{roldan,
    author = {Álvarez Roldán},
    title = {Simulación Comptuacional del comportamiento dinámico de los sellos de estanqueidad del motor rotativo de combustión a volumen constante (MRCVC)},
    institution = {Facultad de Ingeniería, Universidad Nacional del Comahue},
    year = {2020}
}

@article{lopez16,
    author = {López and Wild Cañón and Sarraf},
    title = {A constant-pressure model for the overlap of chambers in rotary internal combustion engines},
    Journal = {Journal of Engineering for Gas Turbines and Power},
    year = {2016},
    volume = {Volume 138, Issue 11}
}

@report{mrcvc_geom,
    author = {López},
    title = {Análisis geométrico del MRCVC},
    institution = {Facultad de Ingeniería, Universidad Nacional del Comahue}
}

@report{lopez-thesis,
  author = {López},
  title = {Methodologies for the numerical simulation of fluid flow in internal combustion engines},
  type = {Tesis doctoral},
  institution = {Facultad de Ingeniería y Ciencias Hídricas, Universidad Nacional del Litoral},
  year = {2009}
}

@article{lopez13,
  author = {López and Wild Cañón and Nigro},
  title = {Simulación computacional del ciclo operativo y curvas características de un motor de combusti\'on interna rotativo de avanzada},
  journal = {XI Congreso Iberoamericano de Ingeniería Mecánica CIBIM 2013},
  year = {2013},
  location = {La Plata, Argentina}
}

@article{DEAP_JMLR2012,
    author    = {" Félix-Antoine Fortin and Fran\c{c}ois-Michel {De Rainville} and Marc-André Gardner and Marc Parizeau and Christian Gagné "},
    title     = { {DEAP}: Evolutionary Algorithms Made Easy },
    pages    = { 2171--2175 },
    volume    = { 13 },
    month     = { 7 },
    year      = { 2012 },
    journal   = { Journal of Machine Learning Research }
}

@article{hehc_05,
    author = { Nikolay Shkolnik; Alexander C. Shkolnik },
    title = { High Efficiency Hybrid Cycle Engine },
    month = { September },
    year = { 2005 },
    journal = { ASME 2006 Internal Combustion Engine Division Spring Technical },
}

% Software
@software{openfoam,
    author = {The OpenFOAM Foundation},
    title = {OpenFOAM},
    version = {8},
    note = {OpenFOAM: The open source CFD toolbox.},
    url = {https://openfoam.org/}
}

@software{icesym,
    author = {Nigro and López and Gimenez and Pairetti and Chialvo.},
    title = {ICESym: An Internal Combustion Engine Simulator.},
    note = {Copyright \textcopyright 2010-2020.},
    url = {https://github.com/jmarcelogimenez/icesym}
}

@inproceedings{inproceedings,
    author = {Pairetti, César and Aguerre, Horacio and Nigro, Norberto},
    year = {2014},
    month = {09},
    pages = {},
    title = {AJUSTE DE UN MODELO DE TRANSFERENCIA DE CALOR 0D/1D PARA MOTORES DE COMBUSTIÓN INTERNA MEDIANTE EL USO DE CFD}
}


@software{freecad,
    author = {The FreeCAD Team},
    title = {FreeCAD},
    url = {https://www.freecadweb.org/}
}

@software{salome,
    author = {Open Cascade, EDF, CEA},
    title = {Salome},
    note = {The Open Source Integration Platform for Numerical Simulation},
    url = {https://salome-platform.org/}
}

% Otros
@patent{toth,
    author = {Toth},
    title = {Motor Rotativo de Combustión a volumen Constante (MRCVC)},
    number = {Patente Res. N$^\circ$ AR004806B1, Rec. N$^\circ$ P19960105411},
    year = {2004},
}

@misc{2carpros,
    author = {2carpros},
    title = {How an Engine Works},
    year = { 2022 },
    url = { https://www.2carpros.com/images/articles/original/intake_port.jpg },
}

@misc{rx7club,
    author = { rx7club },
    title = { Latest Project Perphial port Motorbike },
    url = { https://www.rx7club.com/old-school-other-rotary-63/latest-project-periphial-port-motorbike-746910/ },
}
